@misc{pytest,
  url       = {https://docs.pytest.org/en/7.1.x/contents.html},
  title        = {Python test scripts},
}

@misc{pythondocs,
  url       = {https://docs.python.org/3.9/},
  title        = {Python docs},
}

@misc{jenkins,
  url = {https://www.jenkins.io/},
  title        = {Automation of testing: (CI/CD Pipeline)},
}